@article{kinnunen2022pelaajabarometri,
  title={Pelaajabarometri 2022: Kohti uutta normaalia},
  author={Kinnunen, Jani and Tuomela, Milla and M{\"a}yr{\"a}, Frans},
  year={2022},
  publisher={Tampereen yliopisto}
}

@misc{OPH2025,
  title        = {Mit√§ on perusopetus},
  author       = {Opetushallitus},
  year         = 2025,
  note         = {\url{https://www.oph.fi/fi/koulutus-ja-tutkinnot/mita-perusopetus} [Accessed: (24.02.2025)]}
}

@article{hamalainen2006mieli,
  title={Mieli ja aivot: Kognitiivisen neurotieteen oppikirja},
  author={H{\"a}m{\"a}l{\"a}inen, Heikki and Laine, M and Aaltonen, Olli Kalervo and Revonsuo, A},
  year={2006},
  publisher={Kognitiivisen neurotieteen tutkimuskeskus, Turun yliopisto}
}