@article{hamalainen2006mieli,
  title={Mieli ja aivot: Kognitiivisen neurotieteen oppikirja},
  author={H{\"a}m{\"a}l{\"a}inen, Heikki and Laine, M and Aaltonen, Olli Kalervo and Revonsuo, A},
  year={2006},
  publisher={Kognitiivisen neurotieteen tutkimuskeskus, Turun yliopisto}
}

@article{dominick1984videogames,
  title={Videogames, television violence, and aggression in teenagers.},
  author={Dominick, Joseph R},
  journal={Journal of communication},
  year={1984},
  publisher={Blackwell Publishing}
}

@misc{greenfield1994video,
  title={Video games as cultural artifacts},
  author={Greenfield, Patricia M},
  journal={Journal of applied developmental psychology},
  volume={15},
  number={1},
  pages={3--12},
  year={1994},
  publisher={JAI}
}

@article{green2003action,
  title={Action video game modifies visual selective attention},
  author={Green, C Shawn and Bavelier, Daphne},
  journal={Nature},
  volume={423},
  number={6939},
  pages={534--537},
  year={2003},
  publisher={Nature Publishing Group UK London}
}

@article{kinnunen2022pelaajabarometri,
  title={Pelaajabarometri 2022: Kohti uutta normaalia},
  author={Kinnunen, Jani and Tuomela, Milla and M{\"a}yr{\"a}, Frans},
  year={2022},
  publisher={Tampereen yliopisto}
}

@article{kovess2016time,
  title={Is time spent playing video games associated with mental health, cognitive and social skills in young children?},
  author={Kovess-Masfety, Viviane and Keyes, Katherine and Hamilton, Ava and Hanson, Gregory and Bitfoi, Adina and Golitz, Dietmar and Ko{\c{c}}, Ceren and Kuijpers, Rowella and Lesinskiene, Sigita and Mihova, Zlatka and others},
  journal={Social psychiatry and psychiatric epidemiology},
  volume={51},
  number={3},
  pages={349--357},
  year={2016},
  publisher={Springer}
}

@article{ozccetin2019relationships,
  title={The relationships between video game experience and cognitive abilities in adolescents},
  author={{\"O}z{\c{c}}etin, Mustafa and G{\"u}m{\"u}{\c{s}}ta{\c{s}}, Funda and {\c{C}}a{\u{g}}, Yakup and G{\"o}kbay, {\.I}nci Zaim and {\"O}zmel, Ahu},
  journal={Neuropsychiatric disease and treatment},
  pages={1171--1180},
  year={2019},
  publisher={Taylor \& Francis}
}

@article{zhao2015relevance,
  title={Relevance of videogames in the learning and development of young children},
  author={Zhao, Zhuxuan and Linaza, Jos{\'e} L},
  journal={Electronic Journal of Research in Education Psychology},
  volume={13},
  number={36},
  pages={301--318},
  year={2015}
}

